@article{epifania2021implicit,
  title={Implicit social cognition through the years: The Implicit Association Test at age 21.},
  author={Epifania, Ottavia M and Anselmi, Pasquale and Robusto, Egidio},
  journal={Psychology of Consciousness: Theory, Research, and Practice},
  year={2021},
  publisher={Educational Publishing Foundation}
}